<marc:record xmlns:marc="http://www.loc.gov/MARC21/slim" xmlns:xsi="http://www.w3.org/2001/XMLSchema-instance" xsi:schemaLocation="http://www.loc.gov/MARC21/slim http://www.loc.gov/standards/marcxml/schema/MARC21slim.xsd">
  <marc:leader>     cam a2200265   45M</marc:leader>
  <marc:controlfield tag="001">002933687</marc:controlfield>
  <marc:controlfield tag="003">NNU</marc:controlfield>
  <marc:controlfield tag="005">19940713181853.0</marc:controlfield>
  <marc:controlfield tag="008">881020s1954    ua       b    000 0 arar </marc:controlfield>
  <marc:datafield tag="010" ind1=" " ind2=" ">
    <marc:subfield code="a">ne 64002921</marc:subfield>
  </marc:datafield>
  <marc:datafield tag="035" ind1="9" ind2=" ">
    <marc:subfield code="a">NYUb10657574</marc:subfield>
  </marc:datafield>
  <marc:datafield tag="035" ind1=" " ind2=" ">
    <marc:subfield code="a">(CStRLIN)NYUG88-B34858</marc:subfield>
  </marc:datafield>
  <marc:datafield tag="035" ind1=" " ind2=" ">
    <marc:subfield code="a">GLIS006575748</marc:subfield>
  </marc:datafield>
  <marc:datafield tag="040" ind1=" " ind2=" ">
    <marc:subfield code="c">NNU</marc:subfield>
  </marc:datafield>
  <marc:datafield tag="050" ind1=" " ind2="0">
    <marc:subfield code="a">PJ7745.A14</marc:subfield>
    <marc:subfield code="b">A17 1954</marc:subfield>
  </marc:datafield>
  <marc:datafield tag="090" ind1=" " ind2=" ">
    <marc:subfield code="a">PJ7745.A14</marc:subfield>
    <marc:subfield code="b">A17 1954</marc:subfield>
    <marc:subfield code="i">10/21/88 CT</marc:subfield>
  </marc:datafield>
  <marc:datafield tag="100" ind1="0" ind2=" ">
    <marc:subfield code="a">ʻAbbās ibn al-Aḥnaf.</marc:subfield>
  </marc:datafield>
  <marc:datafield tag="245" ind1="1" ind2="0">
    <marc:subfield code="a">Dīwān al-ʻAbbās ibn al-Aḥnaf,</marc:subfield>
    <marc:subfield code="c">sharḥ wa-taḥqīq ʻAtīkah al-Khazrajī</marc:subfield>
  </marc:datafield>
  <marc:datafield tag="250" ind1=" " ind2=" ">
    <marc:subfield code="a">[al-Ṭabʻah al-ulá]</marc:subfield>
  </marc:datafield>
  <marc:datafield tag="260" ind1=" " ind2=" ">
    <marc:subfield code="a">al-Qāhirah,</marc:subfield>
    <marc:subfield code="b">Maṭbaʻat Dār al-Kutub al-Miṣrīyah,</marc:subfield>
    <marc:subfield code="c">1954.</marc:subfield>
  </marc:datafield>
  <marc:datafield tag="300" ind1=" " ind2=" ">
    <marc:subfield code="a">323, 7 p.</marc:subfield>
    <marc:subfield code="c">29 cm.</marc:subfield>
  </marc:datafield>
  <marc:datafield tag="504" ind1=" " ind2=" ">
    <marc:subfield code="a">Bibliographyical footnotes.</marc:subfield>
  </marc:datafield>
  <marc:datafield tag="903" ind1=" " ind2=" ">
    <marc:subfield code="a">OLD</marc:subfield>
  </marc:datafield>
  <marc:datafield tag="950" ind1=" " ind2=" ">
    <marc:subfield code="l">BMAIN</marc:subfield>
    <marc:subfield code="a">PJ7745.A117</marc:subfield>
    <marc:subfield code="b">A17 1954</marc:subfield>
    <marc:subfield code="i">10/21/88 C</marc:subfield>
  </marc:datafield>
  <marc:datafield tag="955" ind1=" " ind2=" ">
    <marc:subfield code="l">BMAIN</marc:subfield>
    <marc:subfield code="c">1</marc:subfield>
    <marc:subfield code="r">012583855</marc:subfield>
    <marc:subfield code="i">10/21/88 C</marc:subfield>
  </marc:datafield>
  <marc:datafield tag="998" ind1=" " ind2=" ">
    <marc:subfield code="a">10/21/88</marc:subfield>
    <marc:subfield code="t">c</marc:subfield>
    <marc:subfield code="s">9114</marc:subfield>
    <marc:subfield code="n">NNU</marc:subfield>
    <marc:subfield code="w">NYUG88B34858</marc:subfield>
    <marc:subfield code="d">10/20/88</marc:subfield>
    <marc:subfield code="b">EK</marc:subfield>
    <marc:subfield code="i">881021</marc:subfield>
    <marc:subfield code="l">NYUG</marc:subfield>
  </marc:datafield>
</marc:record>
